@misc{arduino-reference,
	title = {{Language Reference}},
	author={Arduino},
	publisher = {Arduino},
	howpublished = {\url{https://www.arduino.cc/reference/en/}},
	note = {Accessed: 2019-04-17}
}
@misc{resolucion-analogica,
title = {{analogRead()}},
author={Arduino},
publisher = {Arduino},
howpublished = {\url{https://www.arduino.cc/reference/en/language/functions/analog-io/analogread}},
note = {Accessed: 2019-04-17}
}
@misc{repositorio-github,
	title = {{Repositorio CIU - Practica 10}},
	author="Medina Medina, David A.",
	publisher = {Medina Medina, David A.},
	howpublished = {\url{https://github.com/david00medina/CIU-Repositorio/tree/master/Practica10}},
	note = {Accessed: 2019-04-17}
}