@misc{arduino-reference,
	title = {{Language Reference}},
	author={Arduino},
	publisher = {Arduino},
	howpublished = {\url{https://www.arduino.cc/reference/en/}},
	note = {Accessed: 2019-04-16}
}
@misc{repositorio-github,
	title = {{Repositorio CIU - Practica 9}},
	author="Benlliure Jiménez, Mª Cristina and Medina Medina, David A. and Brito Ramos, Christian and López González, Néstor",
	publisher = {Medina Medina, David A.},
	howpublished = {\url{https://github.com/david00medina/CIU-Repositorio/tree/master/Practica9}},
	note = {Accessed: 2019-04-16}
}