@misc{control.kinect-sdk,
	title = {{Kinect for Windows SDK v1.8}},
	author={Microsoft},
	publisher = {Microsoft},
	howpublished = {\url{https://www.microsoft.com/en-us/download/details.aspx?id=40278}},
	note = {Accessed: 2019-04-06}
}
@misc{sound-library,
	title = {{Sound}},
	author={Processing Foundation},
	publisher = {Processing Foundation},
	howpublished = {\url{https://processing.org/reference/libraries/sound/index.html}},
	note = {Accessed: 2019-04-06}
}
@misc{kinect4winsdk,
	title = {{Kinect For Processing Library}},
	author={Bryan Chung},
	publisher = {Magic \& Love Interactive},
	howpublished = {\url{http://www.magicandlove.com/blog/research/control.kinect-for-processing-library/}},
	note = {Accessed: 2019-04-06}
}
@misc{control.kinect-controller,
	title = {{Kinect Controller}},
	author={DART},
	publisher = {DART: Dialogs between Art and Technology},
	howpublished = {\url{http://dartecne.wikidot.com/control.kinect-controller}},
	note = {Accessed: 2019-04-06}
}
@misc{rotation-matrix,
	title = {{Wikipedia: Rotation Matrix}},
	author={Wikipedia},
	publisher = {Wikipedia},
	howpublished = {\url{https://en.wikipedia.org/wiki/Rotation_matrix}},
	note = {Accessed: 2019-02-19}
}
@misc{rotation,
	title = {{Wikipedia: Rotation}},
	author={Wikipedia},
	publisher = {Wikipedia},
	howpublished = {\url{https://en.wikipedia.org/wiki/Rotation}},
	note = {Accessed: 2019-02-19}
}
@misc{processing-reference,
	title = {{Processing: Reference}},
	author={Processing},
	publisher = {Processing},
	howpublished = {\url{https://processing.org/reference/}},
	note = {Accessed: 2019-02-19}
}
@misc{processing-javadoc,
	title = {{Processing: Javadoc}},
	author={Processing},
	publisher = {Processing},
	howpublished = {\url{https://processing.github.io/processing-javadocs/core/index.html}},
	note = {Accessed: 2019-02-19}
}
@misc{imagenes-no-originales,
	title = {{Flaticon}},
	author={Flaticon},
	publisher = {Processing},
	howpublished = {\url{https://www.flaticon.com/}},
	note = {Accessed: 2019-05-19}
}
@misc{github,
	title = {{JustLag Dance}},
	author={JustLagDance},
	publisher = {JustLag Team},
	howpublished = {\url{https://github.com/david00medina/CIU-Repositorio/tree/master/TrabajoFinal}},
	note = {Accessed: 2019-05-27}
}
@misc{teaser-video,
	title = {{JustLag Dance}},
	author={JustLagDance},
	publisher = {JustLag Team},
	howpublished = {\url{https://drive.google.com/file/d/1wX15hfbd7weGG5fpa7o9KZRu132n0Rmb/view?usp=sharing}},
	note = {Accessed: 2019-05-27}
}